<?xml version="1.0" encoding="UTF-8"?><collection xmlns="http://www.loc.gov/MARC21/slim"><record><leader>00424nam--2200133-i-4500</leader><controlfield tag="001">000044675</controlfield><controlfield tag="002">20161230</controlfield><controlfield tag="005">20161230201044</controlfield><controlfield tag="008">060222s1000------------r-----000-0-eng-d</controlfield><datafield ind1=" " ind2=" " tag="100"><subfield code="a">Tibrio, Ugo</subfield></datafield><datafield ind1=" " ind2=" " tag="245"><subfield code="a">Sulla misura delle distorsioni lineari e non lineari delle onde modulate in ampiezza. publ.della facolta d`ingegneria di pisa</subfield></datafield><datafield ind1=" " ind2=" " tag="260"><subfield code="a">Pisa, 1958, 4p., 8fig</subfield></datafield><datafield ind1=" " ind2=" " tag="490"><subfield code="a">Extras In `L`Elettrotecnica`</subfield></datafield><datafield ind1=" " ind2=" " tag="852"><subfield code="a">13875</subfield></datafield></record></collection>